<record xmlns="http://www.loc.gov/MARC21/slim" xmlns:xsi="http://www.w3.org/2001/XMLSchema-instance" xsi:schemaLocation="http://www.loc.gov/MARC21/slim http://www.loc.gov/standards/marcxml/schema/MARC21slim.xsd"><leader>02053nam a2200385   4500</leader><controlfield tag="001">001685951</controlfield><controlfield tag="003">NNU</controlfield><controlfield tag="006">m        d        </controlfield><controlfield tag="007">cr cn |||m|||a</controlfield><controlfield tag="008">150110s1961    sy h    ob    001 0 ara d</controlfield><datafield ind1=" " ind2=" " tag="040"><subfield code="a">NNU</subfield><subfield code="b">eng</subfield><subfield code="c">NNU</subfield></datafield><datafield ind1="0" ind2=" " tag="050"><subfield code="a">PJ6101</subfield><subfield code="b">.K46 1961</subfield></datafield><datafield ind1=" " ind2=" " tag="066"><subfield code="c">(3</subfield></datafield><datafield ind1=" " ind2=" " tag="090"><subfield code="a">PJ6101</subfield><subfield code="b">.K5</subfield></datafield><datafield ind1="0" ind2=" " tag="100"><subfield code="6">880-01</subfield><subfield code="a">Khalaf al-A&#7717;mar,</subfield><subfield code="d">d. ca. 796</subfield></datafield><datafield ind1="1" ind2="0" tag="245"><subfield code="6">880-02</subfield><subfield code="a">Muqaddimah f&#299; al-na&#7717;w</subfield><subfield code="h">[electronic resource] /</subfield><subfield code="c">ta&#700;l&#299;f Khalaf al-Ahmar, Khalaf ibn &#7716;ayy&#257;n al A&#7717;mar al-Ba&#7779;r&#299; ;Ta&#7717;qiq &#699;Izz al-D&#299;n al-Tann&#363;kh&#299;.</subfield></datafield><datafield ind1=" " ind2=" " tag="260"><subfield code="6">880-03</subfield><subfield code="a">Dimashq :</subfield><subfield code="b">Wiz&#257;rat al-Thaq&#257;fah wa-al-Irsh&#257;d al-Qawm&#299;,</subfield><subfield code="c">1961.</subfield></datafield><datafield ind1=" " ind2=" " tag="300"><subfield code="a">online resource (123 p.) :</subfield><subfield code="b">facsims.</subfield></datafield><datafield ind1="1" ind2=" " tag="490"><subfield code="6">880-04</subfield><subfield code="a">Ma&#7789;b&#363;&#699;&#257;t Mud&#299;r&#299;yat I&#7717;y&#257;&#700; al-Tur&#257;th al-Qad&#299;m ;</subfield><subfield code="v">3</subfield></datafield><datafield ind1=" " ind2=" " tag="500"><subfield code="a">Part of the Arabic Collections Online (ACO) project, contributed by New York Univeristy Libraries.</subfield></datafield><datafield ind1=" " ind2=" " tag="504"><subfield code="a">Includes bibliographical references (p. [109]-110) and indexes.</subfield></datafield><datafield ind1=" " ind2=" " tag="533"><subfield code="a">Electronic reproduction.</subfield><subfield code="b">New York, N.Y. :</subfield><subfield code="c">New York University,</subfield><subfield code="d">2015.</subfield><subfield code="5">NNU</subfield></datafield><datafield ind1=" " ind2="0" tag="650"><subfield code="a">Arabic language</subfield><subfield code="x">Grammar.</subfield></datafield><datafield ind1="2" ind2=" " tag="710"><subfield code="a">New York University.</subfield><subfield code="b">Libraries.</subfield></datafield><datafield ind1="0" ind2=" " tag="730"><subfield code="a">Arabic Collections Online.</subfield></datafield><datafield ind1="0" ind2="8" tag="776"><subfield code="i">Print version:</subfield><subfield code="a">Khalaf al-A&#7717;mar, d. ca. 796 880-01</subfield><subfield code="t">Muqaddimah f&#299; al-na&#7717;w</subfield><subfield code="w">(NNU)001685951</subfield><subfield code="w">(DLC)ne 63002366</subfield></datafield><datafield ind1="4" ind2="0" tag="856"><subfield code="u">http://hdl.handle.net/2333.1/9w0vt64w</subfield></datafield><datafield ind1="0" ind2=" " tag="880"><subfield code="6">100-01/</subfield><subfield code="a">&#1582;&#1604;&#1601; &#1575;&#1604;&#1571;&#1581;&#1605;&#1585;.</subfield></datafield><datafield ind1="1" ind2="0" tag="880"><subfield code="6">245-02/</subfield><subfield code="a">&#1605;&#1602;&#1583;&#1605;&#1577; &#1601;&#1609; &#1575;&#1604;&#1606;&#1581;&#1608; /</subfield><subfield code="c">&#1578;&#1571;&#1604;&#1610;&#1601; &#1582;&#1604;&#1601; &#1575;&#1604;&#1571;&#1581;&#1605;&#1585;&#1548; &#1582;&#1604;&#1601; &#1573;&#1576;&#1606; &#1581;&#1610;&#1575;&#1606; &#1575;&#1604;&#1571;&#1581;&#1605;&#1585; &#1575;&#1604;&#1576;&#1589;&#1585;&#1609; &#1563;&#1578;&#1581;&#1602;&#1610;&#1602; &#1593;&#1586; &#1575;&#1604;&#1583;&#1610;&#1606; &#1575;&#1604;&#1578;&#1606;&#1608;&#1582;&#1609;.</subfield></datafield><datafield ind1=" " ind2=" " tag="880"><subfield code="6">260-03/</subfield><subfield code="a">&#1583;&#1605;&#1588;&#1602; :</subfield><subfield code="b">&#1608;&#1586;&#1575;&#1585;&#1577; &#1575;&#1604;&#1579;&#1602;&#1575;&#1601;&#1577; &#1608;&#1575;&#1604;&#1575;&#1585;&#1588;&#1575;&#1583; &#1575;&#1604;&#1602;&#1608;&#1605;&#1609;&#1548;</subfield><subfield code="c">1961.</subfield></datafield><datafield ind1="1" ind2=" " tag="880"><subfield code="6">490-04/</subfield><subfield code="a">&#1605;&#1591;&#1576;&#1608;&#1593;&#1575;&#1578; &#1605;&#1583;&#1610;&#1585;&#1610;&#1577; &#1573;&#1581;&#1610;&#1575;&#1569;&#1575;&#1604;&#1578;&#1585;&#1575;&#1579; &#1575;&#1604;&#1602;&#1608;&#1605;&#1609; &#1563;</subfield><subfield code="v">3</subfield></datafield><datafield ind1=" " ind2="0" tag="830"><subfield code="6">880-05</subfield><subfield code="a">Ma&#7789;b&#363;&#699;&#257;t Mud&#299;r&#299;yat I&#7717;y&#257;&#700; al-Tur&#257;th al-Qad&#299;m</subfield><subfield code="v">3.</subfield></datafield><datafield ind1=" " ind2="0" tag="880"><subfield code="6">830-05/</subfield><subfield code="a">&#1605;&#1591;&#1576;&#1608;&#1593;&#1575;&#1578; &#1605;&#1583;&#1610;&#1585;&#1610;&#1577; &#1573;&#1581;&#1610;&#1575;&#1569;&#1575;&#1604;&#1578;&#1585;&#1575;&#1579; &#1575;&#1604;&#1602;&#1608;&#1605;&#1609; &#1563;</subfield><subfield code="v">3</subfield></datafield><datafield ind1=" " ind2=" " tag="959"><subfield code="a">NNU</subfield><subfield code="b">WEB</subfield><subfield code="c">GENI</subfield><subfield code="t">0</subfield><subfield code="m">Electronic access</subfield><subfield code="s">01</subfield></datafield><datafield ind1=" " ind2=" " tag="999"><subfield code="i">NNU_001685951</subfield><subfield code="o" /></datafield></record>